@electronic{need,
    title     = "Citation needed",
}

@misc{lwnmmswap,
  note = "mm, swap: VMA based swap readahead, https://lwn.net/Articles/730073/"
}

@inproceedings{leap,
  title={Effectively prefetching remote memory with Leap},
  author={Al Maruf, Hasan and Chowdhury, Mosharaf},
  booktitle={2020 USENIX Annual Technical Conference (USENIX ATC 20)},
  pages={843--857},
  year={2020}
}

@inproceedings{osdi16,
  title={Network requirements for resource disaggregation},
  author={Gao, Peter X and Narayan, Akshay and Karandikar, Sagar and Carreira, Joao and Han, Sangjin and Agarwal, Rachit and Ratnasamy, Sylvia and Shenker, Scott},
  booktitle={12th USENIX Symposium on Operating Systems Design and Implementation (OSDI 16)},
  pages={249--264},
  year={2016}
}
